% This file was created with JabRef 2.7.2.
% Encoding: Cp1252
%open this file in jabref
@PATENT{AhmadiF,
  nationality = {UK Patent Pending},
  number = {1202662.1},
  year = {16,Feb,2012},
  yearfiled = {16,Feb,2012},
  author = {Ahmadi F,Ian McLoughlin},
  title = {Method and apparatus for mouth state determination using acoustic
	information},
  owner = {Owner},
  timestamp = {2012.04.29}
}

@BOOK{PetterVary2006.March,
  title = {Digital Speech Transmission:Enhancement, Coding and Error Concealment},
  publisher = {John Wiley \& Sons Ltd, West Sussex},
  year = {2006.March},
  author = {Petter Vary and Rainer Martin},
  pages = {644},
  owner = {Owner},
  timestamp = {2012.02.12}
}
@INPROCEEDINGS{Andraka1998,
  author = {Andraka, Ray},
  title = {A survey of CORDIC algorithms for FPGA based computers},
  booktitle = {Proceedings of the 1998 ACM/SIGDA sixth international symposium on
	Field programmable gate arrays},
  year = {1998},
  series = {FPGA '98},
  pages = {191--200},
  address = {New York, NY, USA},
  publisher = {ACM},
  acmid = {275139},
  doi = {10.1145/275107.275139},
  isbn = {0-89791-978-5},
  keywords = {CORDIC, cosine, polar conversion, sine, vector magnitude},
  location = {Monterey, California, United States},
  numpages = {10},
  url = {http://doi.acm.org/10.1145/275107.275139}
}

@ARTICLE{Azzarello2005,
  author = {Azzarello, M and Amy De La Breteque, B and Garrel, R and Giovanni,
	A},
  title = {Determination of oesophageal speech intelligibility using an articulation
	assessment},
  journal = {Revue de laryngologie otologie rhinologie},
  year = {2005},
  volume = {126},
  pages = {327--334},
  number = {5},
  publisher = {Revue de laryngologie, otologie, rhinologie},
  url = {http://cat.inist.fr/?aModele=afficheN&cpsidt=17617858}
}

@MISC{Beritelli2002,
  author = {Beritelli, F and Casale, S and Ruggeri, G and Serrano, S},
  title = {Performance evaluation and comparison of G.729/AMR/fuzzy voice activity
	detectors},
  year = {2002},
  journal = {IEEE Signal Processing Letters},
  number = {3},
  pages = {85--88},
  url = {http://ieeexplore.ieee.org/lpdocs/epic03/wrapper.htm?arnumber=995824},
  volume = {9}
}

@ARTICLE{Boyd1985,
  author = {Boyd, J H and Varvares, M and Fitzmaurice, S},
  title = {Vocal rehabilitation after laryngectomy.},
  journal = {Archives of Otolaryngology},
  year = {1985},
  volume = {2},
  pages = {39--44},
  number = {3}
}

@ARTICLE{Callanan1995,
  author = {Callanan, V and Gurr, P and Baldwin, D and White-Thompson, M and
	Beckinsale, J and Bennett, J},
  title = {Provox valve use for post-laryngectomy voice rehabilitation.},
  journal = {The Journal of laryngology and otology},
  year = {1995},
  volume = {109},
  pages = {1068--1071},
  number = {11}
}

@ARTICLE{Carew1998,
  author = {Carew, John F. and Shah, Jatin P.},
  title = {Advances in multimodality therapy for laryngeal cancer},
  journal = {CA: A Cancer Journal for Clinicians},
  year = {1998},
  volume = {48},
  pages = {211--228},
  number = {4},
  doi = {10.3322/canjclin.48.4.211},
  issn = {1542-4863},
  owner = {Owner},
  publisher = {John Wiley \& Sons, Ltd.},
  timestamp = {2012.02.12},
  url = {http://dx.doi.org/10.3322/canjclin.48.4.211}
}

